@misc{
  Dhall2018,
  author = {Gabriel Gonzalez},
  title = {Dhall: Maintainable configuration files},
  year = {2018},
  publisher = {GitHub},
  journal = {GitHub repository},
  howpublished = {\url{https://github.com/dhall-lang/dhall-lang}},
  commit = {1e0bb483aaa2230c53e5d231a172053c4b964fa4}
}

@article{
  sabry_1998, 
  title={What is a purely functional language?},
  volume={8}, 
  DOI={10.1017/S0956796897002943}, 
  number={1}, 
  journal={Journal of Functional Programming}, 
  publisher={Cambridge University Press}, 
  author={SABRY, AMR}, 
  year={1998}, 
  pages={1–22}
}

@inproceedings{
  cardelli1989typeful,
  title={Typeful programming.},
  author={Cardelli, Luca},
  booktitle={Formal description of programming concepts},
  pages={431},
  year={1989}
}

@book{
  baader1999term,
  title={Term rewriting and all that},
  author={Baader, Franz and Nipkow, Tobias},
  year={1999},
  publisher={Cambridge university press}
}

@inproceedings{
  turner1995elementary,
  title={Elementary strong functional programming},
  author={Turner, David A},
  booktitle={International Symposium on Functional Programming Languages in Education},
  pages={1--13},
  year={1995},
  organization={Springer}
}

@misc{
  Kubernetes2015,
  title = {Kubernetes: Production-Grade Container Scheduling and Management },
  year = {2015},
  publisher = {GitHub},
  journal = {GitHub repository},
  howpublished = {\url{https://github.com/kubernetes/kubernetes}},
  commit = {388061f00f0d9e4d641f9ed4971c775e1654579d}
}

@misc{
  Barbier2014,
  author = {Julien Barbier},
  title = {It's Here: Docker 1.0},
  year = {2014},
  publisher = {Docker},
  journal = {Docker, inc},
  howpublished = {Retrieved September 30, 2019}
}

@article{
  ecma2017standard,
  title={Standard ECMA-404 The JSON Data Interchange Syntax},
  author={ECMA},
  year={2017}
}

@article{
  ben2009yaml,
  title={Yaml ain't markup language (yaml™) version 1.1},
  author={Ben-Kiki, Oren and Evans, Clark and Ingerson, Brian},
  journal={Working Draft 2008-05},
  volume={11},
  year={2009}
}


@misc{
  bray2000extensible,
  title={Extensible markup language (XML) 1.0},
  author={Bray, Tim and Paoli, Jean and Sperberg-McQueen, C Michael and Maler, Eve and Yergeau, Fran{\c{c}}ois and others},
  year={2000},
  publisher={W3C recommendation October}
}

@misc{
  TOML,
  title = {TOML v0.5.0: Tom's Obvious, Minimal Language},
  howpublished = {\url{https://toml.io/en/v0.5.0\#spec}},
  note = {Accessed: 2021-05-05}
}

@misc{
  Fugue2020,
  title = {Fugue Survey Finds Widespread Concern Over Cloud Security Risks During the COVID-19 Crisis},
  howpublished = {\url{https://www.fugue.co/press/releases/fugue-survey-finds-widespread-concern-over-cloud-security-risks-during-the-covid-19-crisis}},
  note = {Accessed: 2021-05-05}
}

@article{
  turing1937computable,
  title={On computable numbers, with an application to the Entscheidungsproblem},
  author={Turing, Alan Mathison},
  journal={Proceedings of the London mathematical society},
  volume={2},
  number={1},
  pages={230--265},
  year={1937},
  publisher={Wiley Online Library}
}

@misc{
  JSONnet,
  title = {Jsonnet Specification},
  year = {2018},
  publisher = {Google},
  journal = {jsonnet.org},
  howpublished = {\url{https://jsonnet.org/ref/spec.html}}
}

@misc{
  DhallDocker,
  title = {dhall-docker-compose},
  year = {2021},
  publisher = {GitHub},
  journal = {GitHub repository},
  howpublished = {\url{https://github.com/sbdchd/dhall-docker-compose}},
  commit = {388061f00f0d9e4d641f9ed4971c775e1654579d}
}

@misc{
  DhallJSON,
  title = {dhall-to-json},
  year = {2018},
  publisher = {GitHub},
  journal = {GitHub repository},
  howpublished = {\url{https://github.com/dhall-lang/dhall-json}},
  commit = {082fb2403acd636fdd05e21c96005e455e256a86}
}

@misc{
  DhallKubernetes,
  title = {dhall-kubernetes},
  year = {2019},
  publisher = {GitHub},
  journal = {GitHub repository},
  howpublished = {\url{https://github.com/dhall-lang/dhall-kubernetes}},
  commit = {2ed2ffd073de6569014779284b61e4f5824de987}
}

@misc{
  DhallNethack,
  title = {dhall-nethack},
  year = {2018},
  publisher = {GitHub},
  journal = {GitHub repository},
  howpublished = {\url{https://github.com/dhall-lang/dhall-nethack}},
  commit = {2b7ea599ae09c077bd8bda82cfb3c2601925e300}
}

@misc{
  DhallNix,
  title = {dhall-to-nix},
  year = {2018},
  publisher = {GitHub},
  journal = {GitHub repository},
  howpublished = {\url{https://github.com/dhall-lang/dhall-nix}},
  commit = {cbb9805e7336e4394c080d549294eae4bfd28787}
}

@misc{
  DhallOpenSSl,
  title = {dhall-openssl},
  year = {2020},
  publisher = {GitHub},
  journal = {GitHub repository},
  howpublished = {\url{https://github.com/jvanbruegge/dhall-openssl}},
  commit = {4e638f96bcef2de7aac57b8ec4b2a12acb2f1d88}
}

@misc{
  DhallXML,
  title = {dhall-to-xml},
  year = {2018},
  publisher = {GitHub},
  journal = {GitHub repository},
  howpublished = {\url{https://github.com/dhall-lang/dhall-lang/tree/master/Prelude/XML}},
  commit = {388061f00f0d9e4d641f9ed4971c775e1654579d}
}

@misc{
  DhallYAML,
  title = {dhall-to-yaml-ng},
  year = {2018},
  publisher = {GitHub},
  journal = {GitHub repository},
  howpublished = {\url{https://github.com/dhall-lang/dhall-haskell/tree/master/dhall-yaml}},
  commit = {08103a14021f21ea9cb4e2567726fe0aca9ea1d2}
}


@misc{
  DhallBash,
  title = {dhall-bash},
  year = {2018},
  publisher = {GitHub},
  journal = {GitHub repository},
  howpublished = {\url{https://github.com/dhall-lang/dhall-haskell/tree/master/dhall-bash}},
  commit = {ca5dd6625bcec1f98b13d84e2bc0d1bec1e87f35}
}

@misc{
  DhallClojure,
  title = {dhall-clj},
  year = {2018},
  publisher = {GitHub},
  journal = {GitHub repository},
  howpublished = {\url{https://github.com/f-f/dhall-clj}},
  commit = {05d25d2464972bbeae46d828b478b4cfd59836dc}
}

@misc{
  DhallGo,
  title = {dhall-golang},
  year = {2020},
  publisher = {GitHub},
  journal = {GitHub repository},
  howpublished = {\url{https://github.com/philandstuff/dhall-golang}},
  commit = {bcdfb6007e7007af7a24858d73baf0dc7538af46}
}

@misc{
  DhallHaskell,
  title = {dhall-haskell},
  year = {2020},
  publisher = {GitHub},
  journal = {GitHub repository},
  howpublished = {\url{https://github.com/dhall-lang/dhall-haskell/tree/master/dhall}},
  commit = {7be4ee537ab8b0a305e1d2d76fee727ec807d708}
}

@misc{
  DhallRuby,
  title = {dhall-ruby},
  year = {2019},
  publisher = {Sourcehut},
  journal = {Sourcehut repository},
  howpublished = {\url{https://git.sr.ht/~singpolyma/dhall-ruby}},
  commit = {da136a3b8c392f3c9e963c55332c55faa6fdd01c}
}

@misc{
  DhallRust,
  title = {dhall-rust},
  year = {2020},
  publisher = {GitHub},
  journal = {GitHub repository},
  howpublished = {\url{https://github.com/Nadrieril/dhall-rust}},
  commit = {d42db686b7a0fcbc7441288c6e2aacae2aa618e8}
}

@misc{
  Spago,
  title = {Spago: PureScript package manager and build tool powered by Dhall and package-sets},
  year = {2018},
  publisher = {GitHub},
  journal = {GitHub repository},
  howpublished = {\url{https://github.com/purescript/spago}},
  commit = {96ea7fee244d8c64705024c3110ec55943bc8852}
}

@misc{
  cpkg,
  title = {CPKG:  A build tool/package manager for C, configured with Dhall},
  year = {2019},
  publisher = {GitHub},
  journal = {GitHub repository},
  howpublished = {\url{https://github.com/vmchale/cpkg}},
  commit = {a45430a2c3bc6253770528279d104e3fa5800a9e}
}

@article{
10.1145/230514.571645,
author = {Sipser, Michael},
title = {Introduction to the Theory of Computation},
year = {1996},
issue_date = {March 1996},
publisher = {Association for Computing Machinery},
address = {New York, NY, USA},
volume = {27},
number = {1},
issn = {0163-5700},
url = {https://doi.org/10.1145/230514.571645},
doi = {10.1145/230514.571645},
journal = {SIGACT News},
month = mar,
pages = {27–29},
numpages = {3}
}

@incollection{
  kozen1997more,
  title={More on Turing Machines},
  author={Kozen, Dexter C},
  booktitle={Automata and Computability},
  pages={215--220},
  year={1997},
  publisher={Springer}
}

@incollection{
  yu1997regular,
  title={Regular languages},
  author={Yu, Sheng},
  booktitle={Handbook of formal languages},
  pages={41--110},
  year={1997},
  publisher={Springer}
}

@article{
  bergstra1982strong,
  title={Strong normalisation and perpetual reduction in the lambda calculus},
  author={Bergstra, Jan A. and Klop, Jan Willem},
  journal={Elektronische Informationsverarbeitung und Kybernetik= Journal of information processing and cybernetics},
  volume={23},
  number={5/6},
  pages={403--417},
  year={1982},
  publisher={Berlin: Akademie-Verlag}
}

@inproceedings{
  leivant2001substructural,
  title={Substructural termination proofs and feasibility certification},
  author={Leivant, Daniel},
  booktitle={Proceedings of the 3rd Workshop on Implicit Computational Complexity (Aarhus)},
  pages={75--91},
  year={2001},
  organization={Citeseer}
}

@article{
  walther1994proving,
  title={On proving the termination of algorithms by machine},
  author={Walther, Christoph},
  journal={Artificial Intelligence},
  volume={71},
  number={1},
  pages={101--157},
  year={1994},
  publisher={Elsevier}
}

@inproceedings{
  meijer1991functional,
  title={Functional programming with bananas, lenses, envelopes and barbed wire},
  author={Meijer, Erik and Fokkinga, Maarten and Paterson, Ross},
  booktitle={Conference on Functional Programming Languages and Computer Architecture},
  pages={124--144},
  year={1991},
  organization={Springer}
}

@article{
  sabry1998purely,
  title={What is a purely functional language?},
  author={Sabry, Amr},
  journal={Journal of Functional Programming},
  volume={8},
  number={1},
  pages={1--22},
  year={1998},
  publisher={Cambridge University Press}
}

@book{
  abelson1996structure,
  title={Structure and interpretation of computer programs},
  author={Abelson, Harold and Sussman, Gerald Jay},
  year={1996},
  publisher={The MIT Press}
}

@book{
  curry1958combinatory,
  title={Combinatory logic},
  author={Curry, Haskell Brooks and Feys, Robert and Craig, William and Hindley, J Roger and Seldin, Jonathan P},
  volume={1},
  year={1958},
  publisher={North-Holland Amsterdam}
}

@book{
  hazewinkel2011encyclopaedia,
  title={Encyclopaedia of Mathematics: Supplement 3},
  author={Hazewinkel, Michiel},
  year={2011},
  publisher={Springer}
}

@article{
  driscoll1989making,
  title={Making data structures persistent},
  author={Driscoll, James R and Sarnak, Neil and Sleator, Daniel D and Tarjan, Robert E},
  journal={Journal of computer and system sciences},
  volume={38},
  number={1},
  pages={86--124},
  year={1989},
  publisher={Elsevier}
}

@article{geron2013continuation,
	title={Continuation calculus},
	author={Geron, Bram and Geuvers, Herman},
	journal={arXiv preprint arXiv:1309.1257},
	year={2013}
}

@inproceedings{
  cardelli1989typeful,
  title={Typeful programming.},
  author={Cardelli, Luca},
  booktitle={Formal description of programming concepts},
  pages={431},
  year={1989}
}

@techreport{
  hoare1973hints,
  title={Hints on programming language design},
  author={Hoare, Charles A},
  year={1973},
  institution={STANFORD UNIV CA DEPT OF COMPUTER SCIENCE}
}

@techreport{
  cheney2003first,
  title={First-class phantom types},
  author={Cheney, James and Hinze, Ralf},
  year={2003},
  institution={Cornell University}
}

@article{
  noether1921idealtheorie,
  title={Idealtheorie in ringbereichen},
  author={Noether, Emmy},
  journal={Mathematische Annalen},
  volume={83},
  number={1},
  pages={24--66},
  year={1921},
  publisher={Springer}
}

@ARTICLE{
  30711,
  author={},
  journal={ANSI/IEEE Std 754-1985}, 
  title={IEEE Standard for Binary Floating-Point Arithmetic}, 
  year={1985},
  volume={},
  number={},
  pages={1-20},
  doi={10.1109/IEEESTD.1985.82928}
}

@article{
  cayley1863xxi,
  title={XXI. On skew surfaces, otherwise scrolls},
  author={Cayley, Arthur},
  journal={Philosophical Transactions of the Royal Society of London},
  number={153},
  pages={453--483},
  year={1863},
  publisher={The Royal Society London}
}

@article{
  ray2012defining,
  title={Defining code-injection attacks},
  author={Ray, Donald and Ligatti, Jay},
  journal={Acm Sigplan Notices},
  volume={47},
  number={1},
  pages={179--190},
  year={2012},
  publisher={ACM New York, NY, USA}
}

@article{
  klein2005dom,
  title={DOM based cross site scripting or XSS of the third kind},
  author={Klein, Amit},
  journal={Web Application Security Consortium, Articles},
  volume={4},
  pages={365--372},
  year={2005}
}

@inproceedings{
  huang2003web,
  title={Web application security assessment by fault injection and behavior monitoring},
  author={Huang, Yao-Wen and Huang, Shih-Kun and Lin, Tsung-Po and Tsai, Chung-Hung},
  booktitle={Proceedings of the 12th international conference on World Wide Web},
  pages={148--159},
  year={2003}
}

@article{
  knuth1973sorting,
  title={Sorting and searching},
  author={Knuth, Donald E},
  year={1973},
  publisher={CUMINCAD}
}

@inproceedings{bertoni2013keccak,
  title={Keccak},
  author={Bertoni, Guido and Daemen, Joan and Peeters, Micha{\"e}l and Van Assche, Gilles},
  booktitle={Annual international conference on the theory and applications of cryptographic techniques},
  pages={313--314},
  year={2013},
  organization={Springer}
}

@article{dworkin2015sha,
  title={SHA-3 standard: Permutation-based hash and extendable-output functions},
  author={Dworkin, Morris J},
  year={2015}
}
